<collection xmlns="http://www.loc.gov/MARC21/slim">
<record>
  <leader>02206nam0a22003131i 450 </leader>
  <controlfield tag="001">IT\ICCU\CNCE\055084</controlfield>
  <controlfield tag="005">20070702000000.0</controlfield>
  <datafield tag="012" ind1=" " ind2=" ">
    <subfield code="a">e-a- uopo maI. prua (C) 1517 (R)</subfield>
    <subfield code="2">fei</subfield>
  </datafield>
  <datafield tag="100" ind1=" " ind2=" ">
    <subfield code="a">20031217d1517        0itac0103    ba</subfield>
  </datafield>
  <datafield tag="101" ind1=" " ind2=" ">
    <subfield code="a">ITA</subfield>
  </datafield>
  <datafield tag="102" ind1=" " ind2=" ">
    <subfield code="a">IT</subfield>
  </datafield>
  <datafield tag="200" ind1="1" ind2=" ">
    <subfield code="a">Libro dela natura di caualli, &amp; el modo di riuelarli, medicarli, &amp; domarli, &amp; cognoscerli, &amp; quali son boni, &amp; del modo de farli perfecti, &amp; trarli da iuicii \!! quali sono viciati, &amp; del modo de ferarli bene, &amp; mantenirli in possanza &amp; gagliardi. Et de qual forte morsi alor si conuiene secondo le nature vicii o qualita di quelli, di qual son tutti instoriati in questo &amp;c. Item in simelmodo tratta de la natura di releuar, medicar, gouernar, et mantenir spaliuieri, astori, falconi, et simili &amp;cetera</subfield>
  </datafield>
  <datafield tag="210" ind1=" " ind2=" ">
    <subfield code="e">Stampata in Venesia</subfield>
    <subfield code="g">per Malchior Sessa et Pietro de Rauani compagni</subfield>
    <subfield code="h">1517 a di IIII de Marzo</subfield>
  </datafield>
  <datafield tag="215" ind1=" " ind2=" ">
    <subfield code="a">\44! c.</subfield>
    <subfield code="c">ill.</subfield>
    <subfield code="d">4ʻ</subfield>
  </datafield>
  <datafield tag="300" ind1=" " ind2=" ">
    <subfield code="a">A c. G4v: Opera nobilissima composta per lo excellente maistro. Agosto \?! mago Re de tutte le passion vien a falcon astori e sparaueri</subfield>
  </datafield>
  <datafield tag="423" ind1=" " ind2="0">
    <subfield code="1">001IT\ICCU\CNCE\071282</subfield>
    <subfield code="1">2001 </subfield>
    <subfield code="a">Opera nobilissima composta per lo excelente maistro Agogo Mago re de tute le passion viena a falconi astori e sparaveri.</subfield>
  </datafield>
  <datafield tag="620" ind1=" " ind2=" ">
    <subfield code="a">IT</subfield>
    <subfield code="d">Venezia</subfield>
  </datafield>
  <datafield tag="702" ind1=" " ind2="1">
    <subfield code="a">Ruffo,</subfield>
    <subfield code="b">Giordano</subfield>
    <subfield code="3">IT\ICCU\CNCA\006950</subfield>
  </datafield>
  <datafield tag="702" ind1=" " ind2="0">
    <subfield code="a">Agogo Mago</subfield>
    <subfield code="3">IT\ICCU\CNCA\027604</subfield>
  </datafield>
  <datafield tag="712" ind1="0" ind2="0">
    <subfield code="a">Sessa, Melchiorre &lt;1.&gt; &amp; Ravani, Pietro</subfield>
    <subfield code="3">IT\ICCU\CNCT\000373</subfield>
    <subfield code="4">650</subfield>
  </datafield>
  <datafield tag="790" ind1=" " ind2="1">
    <subfield code="a">Rusto,</subfield>
    <subfield code="b">Giordano</subfield>
    <subfield code="3">IT\ICCU\CNCA\018305</subfield>
    <subfield code="z">Ruffo, Giordano</subfield>
  </datafield>
  <datafield tag="790" ind1=" " ind2="1">
    <subfield code="a">Ruffus,</subfield>
    <subfield code="b">Jordanus</subfield>
    <subfield code="3">IT\ICCU\CNCA\023494</subfield>
    <subfield code="z">Ruffo, Giordano</subfield>
  </datafield>
  <datafield tag="790" ind1=" " ind2="1">
    <subfield code="a">Rufus,</subfield>
    <subfield code="b">Jordanus</subfield>
    <subfield code="3">IT\ICCU\CNCA\023495</subfield>
    <subfield code="z">Ruffo, Giordano</subfield>
  </datafield>
  <datafield tag="790" ind1=" " ind2="1">
    <subfield code="a">Mago,</subfield>
    <subfield code="b">Agogo</subfield>
    <subfield code="3">IT\ICCU\CNCA\028544</subfield>
    <subfield code="z">Agogo Mago</subfield>
  </datafield>
  <datafield tag="791" ind1="0" ind2="0">
    <subfield code="a">Sessa, Marchio &amp; Serena, Piero da la</subfield>
    <subfield code="3">IT\ICCU\CNCT\005662</subfield>
    <subfield code="z">Sessa, Melchiorre &lt;1.&gt; &amp; Ravani, Pietro</subfield>
  </datafield>
  <datafield tag="801" ind1=" " ind2="3">
    <subfield code="a">IT</subfield>
    <subfield code="b">ICCU</subfield>
    <subfield code="c">20201115</subfield>
  </datafield>
  <datafield tag="899" ind1=" " ind2=" ">
    <subfield code="a">Biblioteca universitaria. Bologna</subfield>
    <subfield code="1">BO0098</subfield>
    <subfield code="2">UBO BU</subfield>
  </datafield>
  <datafield tag="899" ind1=" " ind2=" ">
    <subfield code="a">Biblioteche della Fondazione Giorgio Cini onlus. Venezia</subfield>
    <subfield code="1">VE0239</subfield>
    <subfield code="2">VEA FC</subfield>
  </datafield>
  <datafield tag="921" ind1=" " ind2=" ">
    <subfield code="a">IT\ICCU\CNCM\000116</subfield>
    <subfield code="b">Gatto con topo in bocca in cerchio sormontato da corona. Ai lati le iniziali M.S.</subfield>
    <subfield code="c">K295</subfield>
    <subfield code="c">V473</subfield>
    <subfield code="c">Z595</subfield>
    <subfield code="d">Dimensioni: 5,4 x 7,1</subfield>
    <subfield code="f">GATTO</subfield>
    <subfield code="f">TOPO</subfield>
    <subfield code="f">CPRPNA</subfield>
    <subfield code="f">MS</subfield>
    <subfield code="g">1510-1540</subfield>
  </datafield>
</record>
</collection>
